% TODO: 200Hz limit link

@inproceedings{gyrophone,
  title        = {Gyrophone: Recognizing Speech from Gyroscope Signals.},
  author       = {Michalevsky, Yan and Boneh, Dan and Nakibly, Gabi},
  booktitle    = {USENIX Security Symposium},
  pages        = {1053--1067},
  year         = {2014}
}

@inproceedings{walnut,
  title        = {WALNUT: Waging doubt on the integrity of mems accelerometers with acoustic injection attacks},
  author       = {Trippel, Timothy and Weisse, Ofir and Xu, Wenyuan and Honeyman, Peter and Fu, Kevin},
  booktitle    = {Security and Privacy (EuroS\&P), 2017 IEEE European Symposium on},
  pages        = {3--18},
  year         = {2017},
  organization = {IEEE}
}

@article{goespin,
  title        = {There Goes Your PIN - Exploiting Smartphone Sensor Fusion Under Single and Cross User Setting},
  author       = {Berend, David and Jungk, Bernhard and Bhasin, Shivam},
  year         = {2017}
}

@inproceedings{spiphone,
  title        = {(sp) iPhone: decoding vibrations from nearby keyboards using mobile phone accelerometers},
  author       = {Marquardt, Philip and Verma, Arunabh and Carter, Henry and Traynor, Patrick},
  booktitle    = {Proceedings of the 18th ACM conference on Computer and communications security},
  pages        = {551--562},
  year         = {2011},
  organization = {ACM}
}

@article{accelprint,
  title     = {Accleprint - Fingerprinting mobile devices using personalized configurations},
  author    = {Kurtz, Andreas and Gascon, Hugo and Becker, Tobias and Rieck, Konrad and Freiling, Felix},
  journal   = {Proceedings on Privacy Enhancing Technologies},
  volume    = {2016},
  number    = {1},
  pages     = {4--19},
  year      = {2016},
  publisher = {De Gruyter Open}
}



@article{touchsig,
  author    = {Maryam Mehrnezhad and
               Ehsan Toreini and
               Siamak Fayyaz Shahandashti and
               Feng Hao},
  title     = {TouchSignatures: Identification of User Touch Actions and PINs Based
               on Mobile Sensor Data via JavaScript},
  journal   = {CoRR},
  volume    = {abs/1602.04115},
  year      = {2016},
  url       = {http://arxiv.org/abs/1602.04115},
  archivePrefix = {arXiv},
  eprint    = {1602.04115},
  timestamp = {Wed, 07 Jun 2017 14:42:52 +0200},
  biburl    = {https://dblp.org/rec/bib/journals/corr/MehrnezhadTSH16},
  bibsource = {dblp computer science bibliography, https://dblp.org}
}



@misc{androidshare,
  title        = {{Worldwide Smartphone OS Market Share (in Unit Shipments)}},
  howpublished = {\url{https://www.idc.com/promo/smartphone-market-share/os}},
  note         = {Accessed: 2018-04-27}
}

@misc{stkit,
  title        = {{STEVAL-STLKT01V1 - SensorTile development kit}},
  howpublished = {\url{http://www.st.com/en/evaluation-tools/steval-stlkt01v1.html}},
  note         = {Accessed: 2018-04-27}
}

@misc{stkitmanual,
  title        = {{UM2101: Getting started with the STEVAL-STLKT01V1 SensorTile integrated development platform}},
  howpublished = {\url{http://www.st.com/resource/en/user_manual/dm00320099.pdf}},
  note         = {Accessed: 2018-04-27}
}
